<?xml version="1.0" encoding="UTF-8"?><record xmlns="http://www.loc.gov/MARC21/slim" xmlns:cinclude="http://apache.org/cocoon/include/1.0" xmlns:zs="http://www.loc.gov/zing/srw/">
  <leader>00335nz  a2200121n  4500</leader>
  <controlfield tag="001">n 2014044839</controlfield>
  <controlfield tag="003">DLC</controlfield>
  <controlfield tag="005">20140725164514.0</controlfield>
  <controlfield tag="008">140725n| azannaabn          |n aaa      </controlfield>
  <datafield tag="010" ind1=" " ind2=" ">
    <subfield code="a">n 2014044839</subfield>
  </datafield>
  <datafield tag="040" ind1=" " ind2=" ">
    <subfield code="a">DLC</subfield>
    <subfield code="b">eng</subfield>
    <subfield code="e">rda</subfield>
    <subfield code="c">DLC</subfield>
  </datafield>
  <datafield tag="100" ind1="1" ind2=" ">
    <subfield code="a">Lee, Wallace A.</subfield>
  </datafield>
  <datafield tag="670" ind1=" " ind2=" ">
    <subfield code="a">Ford, F. I'll come back to you, dear mother, 1918:</subfield>
    <subfield code="b">t.p. (Wallace A. Lee)</subfield>
  </datafield>
</record>